@conference{Kaplan:05,
  author = {G. H. Kaplan},
  title = {The IAU Resolutions
on Astronomical Reference Systems,
Time Scales, and Earth Rotation Models
Explanation and Implementation},
  booktitle = {United States Naval Observatory Circular No. 179},
  year = 2005 }
  
  @conference{Kaplan:05,
  author = {G. H. Kaplan},
  title = {The IAU Resolutions
on Astronomical Reference Systems,
Time Scales, and Earth Rotation Models
Explanation and Implementation},
  booktitle = {United States Naval Observatory Circular No. 179},
  year = 2005 }
  
@conference{Coppola:etal:05,
  author = {V. Coppola, J. Seago, and D. Vallado},
  title = {THE IUA 2000A and IAU 2006 Precession-Nutation Theories and Their Implementation },
  booktitle = {Somewhere},
  year = Sometime }
  

@book{vallado3,
  author = {David A. Vallado},
  title = {Fundamentals of Astrodynamics and Applications, 3rd Ed.},
  publisher = {Microcosm Press},
  address = {Hawthorne, CA},
  year = {2007} }
% My bibliography file

%----------------------------------------Books-------------------------------------------------------------
  author = {P.B.Phung and V.S. Guedeney and J. Teles},
  title = {Tracking and Data Relay Satellite System (TDRSS) Range and Doppler Tracking System Observation Measurement Modelling},

@article{Phung:80,
  publisher = {Goddard Space Flight Center},
  address = {Greenbelt, MD},
  month  = Sept.,
  year = {1980} }

@book{Moyer,
  author = {T.J. Moyer},
  title = {Formulation for Observed and Computed Values of Deep Space Network Data Types for Navigation},
  publisher = {Jet Propulsion Laboratory},
  address = {Pasadena, CA},
  month  = Oct.,
  year = {2000} }


@book{GEONS2p11,
  author = {A.C. Long and D.Leung \emph{et. al.}},
  title = {Goddard Enhanced Onboard Navigation System (GEONS)
            Mathematical Specifications Version 2, Release 2.11},
  publisher = {Honeywell Technology Solutions Inc.},
    address = {Lanham, MD},
  year = {2008} }}

@book{Brent:73,
  author = {R. Brent},
  title = {Algorithms for Minimization without Derivatives},
  publisher = {Prentice Hall, Inc.},
  address = {NJ},
  year = {1973} }

  @article{Dekker:69,
  author = {T.J. Dekker},
  title = {Finding a zero by means of successive linear interpolation},
  journal = {Constructive Aspects of the Fundamental Theorem of Algebra}
    publisher = {Wiley-Interscience},
  address = {London},
  year = {1969} }
  
    @article{Huang:90,
  author = {C. Huang, J.C. Ries, B.D. Tapley, M.M. Watkins},
  title = {Relativisitic Effects for Near-Earth Satellite Orbit Determination},
  journal = {Celestial Mechanics and Dynamical Astronomy}
    publisher = {Wiley-Interscience},
    volume = 48, pages = { 167-185}
    year = {1990} }


@conference{Purohit:93,
  author = {G.P. Purohit, R.P. Prickett},
  title = {Modelling of the Intelsat IV Bipropellant Propulsion System},
  booktitle = {AIAA/SAE/ASME/ASEE 29th Joint Propulsion Conference and Exhibit},
  year = Jun 28-30, 1993,
  pages = Monteray CA}

@conference{Ricciardi:87,
  author = {A. Ricciardi, E. Peiragostini},
  title = {Prediction of the Performance and Thermodynamic Conditions of Bipropellant Propulsion System During its Lifetime},
  booktitle = {AIAA/SAE/ASEE 23rd Joint Propulsion Conference},
  year = Jun 29-July2, 1987,
  pages = San Diego, CA}

@article{Estey:83,
  author = {Paul N. Estey, David H. Lewis Jr., Maureen Connor},
  title = {Prediction of Propellant Tank Pressure History Using State Space Methods},
  journal = { Journal of Spacecraft and Rockets},
  year = 1983 ,volume = 20, number = 1, pages = { 49 - 54}}

@article{Hearn:01,
  author = {Henry C. Hearn},
  title = {Development and Validation of Fluid/Thermodynamic Models for Spacecraft Propulsion Systems},
  journal = { Journal of Propulsion and Power},
  year = 2001 ,volume = 17, number = 3, pages = { 527 - 533}}

@book{Ring:64,
  author = {Eliot Ring, Editor},
  title = {Rocket Propellant and Pressurization Systems},
  publisher = {Prentice Hall, Inc.},
  address = {NJ},
  year = {1964} }

@book{Pitts:98,
  author = {Donald R. Pitts, Leighton E. Sissom},
  title = {Shaum's Outlines, Heat Transfer 2nd Ed.},
  publisher = {McGraw Hill},
  address = {NY},
  year = {1998} }

@book{Incropera:06,
  author = {Frank P. Incropera, Davit P. Dewitt, Theodore L. Bergman, and Adrienne S. Lavine},
  title = {Fundamentals of Heat and Mass Transfer},
  publisher = {John Wiley and Sons, Inc.},
  address = {NJ},
  year = {2007} }

@book{Moran,
  author = {Michael J. Moran, Howard  Shapiro},
  title = {Fundamentals of Engineering Thermodynamics},
  publisher = {John Wiley and Sons},
  address = {NY},
  year = {1992} }


@book{HydraBook,
  title = {Hydrazine Handbook},
  publisher = {Rocket Research Company},
}

@article{Pines:73,
  author = {Samuel Pines},
  title = {A Uniform Representation of the Gravitational Potential and its Derivatives},
  journal = { AIAA Journal},
  year = 1973 ,volume = 11, number = 11, pages = { 1508 - 1511}}

@article{Lundberg:88,
  author = {John B. Lundberg, Bob E. Shutz},
  title = {Recursion Formulas of Legender Functions for Use with Nonsingular Geopotential Models},
  journal = { Journal of Guidance, Control, and Dynamics},
  year = 1988 ,volume = 11, number = 1, pages = { 31 - 38}}

@article{Seidelmann:etal:92,
  author = {P. K. Seidelmann, T. Fukushima},
  title = {Why New Time Scales?},
  journal = { Astronomy and Astrophysics},
  year = 1992,volume = 265, pages = { 833 - 838}}

@article{Seidelmann:etal:02,
  author = {P. K. Seidelmann},
  title = {Report of the IAU/IAG Working Group on Cartographic Coordinates and Rotational Elements of the Planets and Satellites: 2000},
  journal = { Celestial Mechanics and Dynamical Astronomy},
  year = 2002,volume = 82, number = 1, pages = { 83 - 111}}

@article{Kizner:59,
  author = {William Kizner},
  title = {A Method of Describing Miss Distances for Lunar and Interplanetary Trajectories},
  journal = { Jet Propulsion Laboratory External Publication},
  number = 674, year = 1959 }

@book{vallado2,
  author = {David A. Vallado},
  title = {Fundamentals of Astrodynamics and Applications, 2nd Ed.},
  publisher = {Microcosm Press},
  address = {El Segundo, CA},
  year = {2001} }

@book{Montenbruck:Gill:05,
  author = {Oliver Montenbruck and Eberhard Gill},
  title = {Satellite Orbits: Models, Methods, Applications},
  publisher = {Springer},
  address = {Berlin, Germany},
  year = {2005} }

@book{seidelmann,
  author = {P. Kenneth Seidelmann, Editor},
  title = {Explanatory Supplement to the Astronomical Almanac},
  publisher = {Univesity Science Books},
  address = {Mill Valley, CA},
  year = {1992} }

@book{seidelmann,
  author = {P. Kenneth Seidelmann, Editor},
  title = {Explanatory Supplement to the Astronomical Almanac},
  publisher = {Univesity Science Books},
  address = {Mill Valley, CA},
  year = {1992} }

@book{McCuskey63,
  author = {S.W. McCuskey},
  title = {Introduction to Celestial Mechanics},
  publisher = {Addison Wesley
Publishing Co. Inc.},
  address = {Reading, Mass.},
  year = {1963} }

@book{Szebehely67,
  author = {V. Szebehely},
  title = {Theory of Orbits},
  publisher = {Academic Press Inc.},
  address = {New York, NewYork},
  year = {1967} }

@book{GTDS,
  author = {A.C. Long and J.O. Cappellari \emph{et. al.}},
  title = {Goddard Trajectory Determination System Mathematical Theory, Revision 1},
  publisher = {Computer Sciences Corporation},
  address = {Lanham-Seabrook, MD},
  year = {1989} }


@conference{adams:etal:96,
  author = {John Adams and Andrew Robertson and Kurt Zimmerman and Jonathan How},
  title = {Technologies for Spacecraft Formation Flying},
  booktitle = {Proceedings of the Institute of Navigation GPS},
  year = 1996,
  pages = {1321-1330}}

@article{barden:etal:98,
  author = {B.T. Barden and K.C.Howell},
  title = {Formation Flying in the Vicinity of Libration Point Orbits},
  journal = {Advances in the Astronautical Sciences},
  year = 1998,volume = 99, number = 2, pages = {969-988}}

@book{bate:etal,
  author = {Roger R. Bate and Donald D. Mueller and Jerry E. White},
  title = {Fundamentals of Astrodynamics},
  publisher = {Dover},
  address = {New York},
  year = 1971   }

@conference{chichka:99,
  author = {David F. Chichka},
  title = {Dynamics of Clustered Satellites via Orbital Elements},
  booktitle = {AAS/AIAA Astrodynamics Specialist Conference Proceedings},
  year = 1999,
  pages = {969-988}}

@article{decou:91,
  author = {Anthony B. Decou},
  title = {Orbital Station-Keeping for Multiple Spacecraft Interferometry},
  journal = {Journal of the Astronautical Sciences},
  year = 1991, volume = 39, number = 3, pages = {283-297}}

@conference{folta:98,
  author = {David  C. Folta and David A. Quinn},
  title = {An Algorithm for Enhanced Formation Flying of Satellites in Low Earth Orbit},
  booktitle = {AIP Conference Proceedings},
  year = 1998, volume = 420, pages = {119-126}}

@conference{folta:97,
  author = {David  C. Folta and David A. Quinn},
  title = {Enhanced Formation Flying For the Earth Observing-1(EO-1) New Millenium Mission},
  booktitle = {NASA Conference Publication},
  year = 1997, volume = 3345, pages = {405-427}}

@conference{folta:96,
  author = {David C. Folta and Lauri Kraft Newman and Tom Gardner},
  title = {Foundations of Formation Flying for Mission to Planet Earth and New Millennium},
  booktitle = {Astrodynamics Conference Proceedings},
  year = 1996, pages = {656-666}}


@article{folta:92,
  author = {David C. Folta and Fransesco Bordi and Christopher Scolese},
  title = {Considerations on Formation Flying Separations for Earth Observing Satellite Missions},
  journal = {Advances in Astronautical Sciences},
  year = 1992, volume = 79, number = 2, pages = {803-822}}

@article{folta:91,
  author = {David C. Folta and Fransesco Bordi and Christopher Scolese},
  title = {Field of View Location for Formation Flying Polar Orbiting Missions},
  journal = {Advances in Astronautical Sciences},
  year = 1991, volume = 75, number = 2, pages = {949-965}}

@article{gramling:etal:97,
  author = {Cheryl J. Gramling and Taesul Lee and David J. Niklewski and Anne C. Long},
  title = {Relative Navigation for Autonomous Formation Flying Spacecraft},
  journal = {Advances in Astronautical Sciences},
  year = 1998,  pages = {405-431} , volume = 97, number = 1}


@conference{guinn:98,
  author = {Joseph R. Guinn},
  title = {Precise Relative Motions of Formation Flying Vehicles},
  booktitle = {Astrodynamics Conference Proceedings},
  year = 1998,
  pages = {34-39}}

@conference{guinn:etal:96,
  author = {Joseph R. Guinn and Ronald J. Boain},
  title = {Spacecraft Autonomous Navigation for Formation Flying Earth Orbiters Using GPS},
  booktitle = {Astrodynamics Conference Proceedings},
  year = 1996,
  pages =  {722-732}}

@article{hartman:etal:98,
  author = {Kate R. Hartman and Cheryl J. Gramling and Taesul Lee and David A. Kelbel and Anne C. Long},
  title = {Relative Navigation for Spacecraft Formation Flying},
  journal = {Advances in Astronautical Sciences},
  year = 1998, volume = 100, number = 2, pages = {685-699}}


@conference{how:etal:98,
  author = {Jonathon P. How and Robert Twiggs and David Weidow and Kathy Hartman and Frank Bauer},
  title = {Orion: A Low-Cost Demonstration of Formation Flying in Space Using GPS},
  booktitle = {Astrodynamics Conference Proceedings},
  year = 1998,
  pages =  {276-286}}

@book{bate:etal,
  author = {Roger R. Bate and Donald D. Mueller and Jerry E. White},
  title = {Fundamentals of Astrodynamics},
  publisher = {Dover},
  address = {New York},
  year = 1971   }

@book{larson:wertz,
  author = {Wiley J. Larson and James R. Wertz},
  title = {Space Mission Analysis and Design},
  publisher = {Microcosm Inc.},
  address = {Torrance},
  year = 1992   }

@book{smart:62,
  author = {William M. Smart},
  title = {Textbook on Spherical Astronomy},
  publisher = {University Press},
  address = {Cambridge},
  year = 1962   }

@book{stoer:bulirsch,
  author = {J. Stoer and R. Bulirsch},
  title = {Introduction to Numerical Analysis},
  publisher = {Springer},
  address = {New York},
  year = 1993
              }
@book{vallado,
  author = {David A. Vallado},
  title = {Fundamentals of Astrodynamics and Applications},
  publisher = {McGraw-Hill},
  address = {New York},
  year = {1997} }

@article{Wickert:etal:98,
  author = {Douglas P Wickert and Graeme B. Shaw and Daniel Hastings},
  title = {Impact of a Distributed Architechture for Space-Based Radar},
  journal = {Journal of Spacecraft and Rockets},
  year = 1998,volume = 35, number = 5, pages = {703-713}}
